[gd_scene load_steps=9 format=2]

[ext_resource path="res://Cutie.gd" type="Script" id=1]
[ext_resource path="res://slime.jiggle.png" type="Texture" id=2]

[sub_resource type="Curve2D" id=1]
resource_local_to_scene = true
_data = {
"points": PoolVector2Array(  )
}

[sub_resource type="RectangleShape2D" id=5]
extents = Vector2( 32, 24 )

[sub_resource type="RectangleShape2D" id=6]
extents = Vector2( 1, 12 )

[sub_resource type="RectangleShape2D" id=7]
extents = Vector2( 24, 1 )

[sub_resource type="Animation" id=3]
resource_name = "die"
tracks/0/type = "value"
tracks/0/path = NodePath("Path2D/PathFollow2D/Sprite:modulate")
tracks/0/interp = 1
tracks/0/loop_wrap = true
tracks/0/imported = false
tracks/0/enabled = true
tracks/0/keys = {
"times": PoolRealArray( 0, 1 ),
"transitions": PoolRealArray( 1, 1 ),
"update": 0,
"values": [ Color( 1, 0, 0, 1 ), Color( 1, 0, 0, 0 ) ]
}
tracks/1/type = "value"
tracks/1/path = NodePath("Path2D/PathFollow2D/Sprite:scale")
tracks/1/interp = 1
tracks/1/loop_wrap = true
tracks/1/imported = false
tracks/1/enabled = true
tracks/1/keys = {
"times": PoolRealArray( 0, 1 ),
"transitions": PoolRealArray( 1, 1 ),
"update": 0,
"values": [ Vector2( 1, 1 ), Vector2( 1, 0.5 ) ]
}

[sub_resource type="Animation" id=4]
resource_name = "move"
loop = true
tracks/0/type = "value"
tracks/0/path = NodePath("Path2D/PathFollow2D/Sprite:frame")
tracks/0/interp = 1
tracks/0/loop_wrap = true
tracks/0/imported = false
tracks/0/enabled = true
tracks/0/keys = {
"times": PoolRealArray( 0, 0.5, 1 ),
"transitions": PoolRealArray( 1, 1, 1 ),
"update": 0,
"values": [ 0, 7, 0 ]
}
tracks/1/type = "value"
tracks/1/path = NodePath("Path2D/PathFollow2D/Sprite:modulate")
tracks/1/interp = 1
tracks/1/loop_wrap = true
tracks/1/imported = false
tracks/1/enabled = true
tracks/1/keys = {
"times": PoolRealArray( 0, 1 ),
"transitions": PoolRealArray( 1, 1 ),
"update": 0,
"values": [ Color( 1, 1, 1, 1 ), Color( 1, 1, 1, 1 ) ]
}
tracks/2/type = "value"
tracks/2/path = NodePath("Path2D/PathFollow2D/Sprite:scale")
tracks/2/interp = 1
tracks/2/loop_wrap = true
tracks/2/imported = false
tracks/2/enabled = true
tracks/2/keys = {
"times": PoolRealArray( 0, 1 ),
"transitions": PoolRealArray( 1, 1 ),
"update": 0,
"values": [ Vector2( 1, 1 ), Vector2( 1, 1 ) ]
}

[node name="Cutie" type="Node2D"]
script = ExtResource( 1 )
max_food_count = 5
base_speed = 128

[node name="Path2D" type="Path2D" parent="."]
curve = SubResource( 1 )

[node name="PathFollow2D" type="PathFollow2D" parent="Path2D"]
rotate = false
loop = false

[node name="Sprite" type="Sprite" parent="Path2D/PathFollow2D"]
texture = ExtResource( 2 )
hframes = 8
region_filter_clip = true

[node name="PhysicsBody2D" type="RigidBody2D" parent="Path2D/PathFollow2D"]
input_pickable = true
mode = 3
contacts_reported = 4
contact_monitor = true

[node name="CollisionShape2D" type="CollisionShape2D" parent="Path2D/PathFollow2D/PhysicsBody2D"]
position = Vector2( 0, 8 )
shape = SubResource( 5 )

[node name="Stomach" type="RigidBody2D" parent="Path2D/PathFollow2D"]
position = Vector2( 0, 12 )
collision_layer = 2
collision_mask = 2
mode = 3

[node name="CollisionShape2D" type="CollisionShape2D" parent="Path2D/PathFollow2D/Stomach"]
position = Vector2( -24, 0 )
shape = SubResource( 6 )

[node name="CollisionShape2D3" type="CollisionShape2D" parent="Path2D/PathFollow2D/Stomach"]
position = Vector2( 24, 0 )
shape = SubResource( 6 )

[node name="CollisionShape2D2" type="CollisionShape2D" parent="Path2D/PathFollow2D/Stomach"]
position = Vector2( 0, -12 )
shape = SubResource( 7 )

[node name="CollisionShape2D4" type="CollisionShape2D" parent="Path2D/PathFollow2D/Stomach"]
position = Vector2( 0, 12 )
shape = SubResource( 7 )

[node name="AnimationPlayer" type="AnimationPlayer" parent="."]
anims/die = SubResource( 3 )
anims/move = SubResource( 4 )
[connection signal="body_entered" from="Path2D/PathFollow2D/PhysicsBody2D" to="." method="_on_PhysicsBody2D_body_entered"]
[connection signal="input_event" from="Path2D/PathFollow2D/PhysicsBody2D" to="." method="_on_PhysicsBody2D_input_event"]
[connection signal="mouse_entered" from="Path2D/PathFollow2D/PhysicsBody2D" to="." method="_on_PhysicsBody2D_mouse_entered"]
[connection signal="animation_finished" from="AnimationPlayer" to="." method="_on_AnimationPlayer_animation_finished"]
[connection signal="animation_started" from="AnimationPlayer" to="." method="_on_AnimationPlayer_animation_started"]
